1111111111111111111111111111111111111111111111111111111
1111111111111111111111111111111111111111111111111111111
1111111111111111111111111111111111111111111111111111111
1111111111111111111111111111111111111111111111111111111
1111111111111111111111111111111111111111111111111111111
1111111111111111111111111111111111111111111111111111111
1111111111111111111111111111111111111111111111111111111
1111111111111111111111111111111111111111111111111111111
1111111111111111111111111111111111111111111111111111111
1111111111111111111111111111111111111111111111111111111
1111111111111111111111111111111111111111111111111111111
1111111111111111111111111111111111111111111111111111111
1111111111111111111111111111111111111111111111111111111
1111111111111111111111111111111111111111111111111111111
1111111111111111111111111111111111111111111111111111111
1111111111111111111111111111111111111111111111111111111
1111111111111111111111111111111111111111111111111111111
1111111111111111111111111111111111111111111111111111111
1111111111111111111111111111111111111111111111111111111
1111111111111111111111111111111111111111111111111111111
1111111111111111111111111111111111111111111111111111111
1111111111111111111111111111111111111111111111111111111
1111111111111111111111111111111111111111111111111111111
1111111111111111111111111111111111111111111111111111111
1111111111111111111111111111111111111111111111111111111
1111111111111111111111111111111111111111111111111111111
1111111111111111111111111111111111111111111111111111111
1111111111111111111111111111111111111111111111111111111
1111111111111111111111111111111111111111111111111111111
1111111111111111111111111111111111111111111111111111111
1111111111111111111111111111111111111111111111111111111
1111111111111111111111111111111111111111111111111111111
1111111111111111111111111111111111111111111111111111111
1111111111111111111111111111111111111111111111111111111
1111111111111111111111111111111111111111111111111111111
1111111111111111111111111111111111111111111111111111111
1111111111111111111111111111111111111111111111111111111
1111111111111111111111111111111111111111111111111111111
1111111111111111111111111111111111111111111111111111111
1111111111111111111111111111111111111111111111111111111
1111111111111111111111111111111111111111111111111111111
1111111111111111111111111111111111111111111111111111111
1111111111111111111111111111111111111111111111111111111
1111111111111111111111111111111111111111111111111111111
1111111111111111111111111111111111111111111111111111111
1111111111111111111111111111111111111111111111111111111
1111111111111111111111111111111111111111111111111111111
1111111111111111111111111111111111111111111111111111111
1111111111111111111111111111111111111111111111111111111
1111111111111111111111111111111111111111111111111111111
1111111111111111111111111111111111111111111111111111111
1111111111111111111111111111111111111111111111111111111
1111111111111111111111111111111111111111111111111111111
1111111111111111111111111111111111111111111111111111111
1111111111111111111111111111111111111111111111111111111

3333333333333333333333333333333333333333333333333333333
3000000000000000000030000000300000300030000000000030003
3033333033333333333030333330303330303330333033333030303
3000300030000000003030003000303030300000300030003030303
3330303330333330333033303033303030333330303330303033303
3000300030000030003000003000003030000030300000303000003
3033333033333330303333333333333033333033303333303333303
3000003000000030300000300030003000003000303030003000003
3330333333303030333330303030303033303330303030333033333
3000300000303030303000303030300000300030300030300030003
3033303330333030303033303030333333303330333330303330333
3030300030300030003030003030003000303000300000303000003
3030333030303333303030333030333030303033303333303333303
3030003030300030003030003000300030003000003000300000303
3030333030303030333033303333303333333333333330333330303
3000300030303030003000303000303000000030000000300030303
3033303330333033333330303033303033303030333033303030303
3030003030000030000000303000300030303030003000003030303
3330333033333330333033303030333330303333303333333030303
3000300000000000003030003030000000300030003000003000303
3030333333333333303030333330333330333030333330303333303
3030300030000000003030000030000030300030300030300030003
3033303330333333333033333033333030303330303030333033303
3000300030003030000030003000000030300030003000303000303
3330333033303030333330333330333333333033333333303330303
3000003030003030000030300000300000003030000000300030003
3033333030333033333030303333303333303030333033303033303
3000000030300000300030303000303000300030303030003000303
3333333330333033303330303030303030333330303030333030303
3000300030003000003000303030300030003000303000003030303
3030303030303033333330303330333333303033303333333033303
3030003000303000003000300000300000300030000030000030003
3033333333303333303030333330333330333333333030333330333
3000300000003000300030003000300030000000003030000030003
3330303333333030333333303033303033303333303033333033303
3030303000000030003000303000003000300030303000003000003
3030303033333033333030303333333330333030303033303333333
3000303000303030000030003030000030000030303030003000003
3033303330303030333333333030303333333330303030333030303
3000303000003000000000000030300000000000303030300030303
3330303333333333333333333330333333303330303033303330303
3030300030000000003000000000300030300030303000300030303
3030333030333333303033333333303030333030303330333030333
3030003030003000303030000000003000303030300030000030003
3033303033303330303033333330333330303033333033333330303
3000003000300030300030000030003030003000000030000030303
3333333033333030333330333033303033303333333330333030303
3000000030000030000030003000003000300000300000300030303
3033303330333330303330303333333330333330303330303333303
3000303000300030300000303000000000003030300030303000003
3330333033303330333333303033333333303030303330303033333
3000300030000000003000003000300030000030303000303000003
3033303333333333333033333030303033333330333033303333303
3000000000000000000030000030003000000000000030000000003
3333333333333333333333333333333333333333333333333333333

3333333333333333333333333333333333333333333333333333333
3000000000000000000030000000300000300030000000000030003
3033333033333333333030333330303330303330333033333030303
3000300030000000003030003000303030300000300030003030303
3330303330333330333033303033303030333330303330303033303
3000300030000030003000003000003030000030300000303000003
3033333033333330303333333333333033333033303333303333303
3000003000000030300000300030003000003000303030003000003
3330333333303030333330303030303033303330303030333033333
3000300000303030303000303030300000300030300030300030003
3033303330333030303033303030333333303330333330303330333
3030300030300030003030003030003000303000300000303000003
3030333030303333303030333030333030303033303333303333303
3030003030300030003030003000300030003000003000300000303
3030333030303030333033303333303333333333333330333330303
3000300030303030003000303000303000000030000000300030303
3033303330333033333330303033303033303030333033303030303
3030003030000030000000303000300030303030003000003030303
3330333033333330333033303030333330303333303333333030303
3000300000000000003030003030000000300030003000003000303
3030333333333333303030333330333330333030333330303333303
3030300030000000003030000030000030300030300030300030003
3033303330333333333033333033333030303330303030333033303
3000300030003030000030003000000030300030003000303000303
3330333033303030333330333330333333333033333333303330303
3000003030003030000030300000300000003030000000300030003
3033333030333033333030303333303333303030333033303033303
3000000030300000300030303000303000300030303030003000303
3333333330333033303330303030303030333330303030333030303
3000300030003000003000303030300030003000303000003030303
3030303030303033333330303330333333303033303333333033303
3030003000303000003000300000300000300030000030000030003
3033333333303333303030333330333330333333333030333330333
3000300000003000300030003000300030000000003030000030003
3330303333333030333333303033303033303333303033333033303
3030303000000030003000303000003000300030303000003000003
3030303033333033333030303333333330333030303033303333333
3000303000303030000030003030000030000030303030003000003
3033303330303030333333333030303333333330303030333030303
3000303000003000000000000030300000000000303030300030303
3330303333333333333333333330333333303330303033303330303
3030300030000000003000000000300030300030303000300030303
3030333030333333303033333333303030333030303330333030333
3030003030003000303030000000003000303030300030000030003
3033303033303330303033333330333330303033333033333330303
3000003000300030300030000030003030003000000030000030303
3333333033333030333330333033303033303333333330333030303
3000000030000030000030003000003000300000300000300030303
3033303330333330303330303333333330333330303330303333303
3000303000300030300000303000000000003030300030303000003
3330333033303330333333303033333333303030303330303033333
3000300030000000003000003000300030000030303000303000003
3033303333333333333033333030303033333330333033303333303
3000000000000000000030000030003000000000000030000000003
3333333333333333333333333333333333333333333333333333333